@Book{PAA,
  author = {Stefan Mangard, Elisabeth Oswald, Thomas Popp},
  title = {Power Analysis Attacks Revealing the Secrets of Smart Cards},
  publisher = {Springer Science+Business Media, LLC},
  year = 2007,
  pages = {1-165}
}

@Article{ASCS,
  author = {Amir Moradi},
  title = {Advances in Side-Channel Security},
  year = 2014,
%  pages = {},
  publisher = {Bochum university}
}
